@article{article,
  author  = {Kirchner, Frank and Hertzberg, Joachim},
  year    = {1997},
  month   = {05},
  pages   = {},
  title   = {A Prototype Study of an Autonomous Robot Platform for Sewerage System Maintenance},
  volume  = {4},
  journal = {Autonomous Robots},
  doi     = {10.1023/A:1008896121662}
}